@online{kaggle,
    title = "Toxic Comment Classification Challenge",
    url = "https://www.kaggle.com/competitions/jigsaw-toxic-comment-classification-challenge",
    addendum = "(Дата обращения: 13.11.2022)"
}

@online{nltkstop,
    title = "NLTK Documentation, Sample usage for corpus",
    url = "https://www.nltk.org/howto/corpus.html?highlight=stopwords",
    addendum = "(Дата обращения: 13.11.2022)"
}

@online{mindf,
    title = "scikit-learn documentation, TfIdfVectorizer",
    url = "https://scikit-learn.org/stable/modules/generated/sklearn.feature_extraction.text.TfidfVectorizer.html",
    addendum = "(Дата обращения: 15.11.2022)"
}

@article{bubeck,
  doi = {10.48550/ARXIV.1405.4980},
  
  url = {https://arxiv.org/abs/1405.4980},
  
  author = {Bubeck, Sébastien},
  
  keywords = {Optimization and Control (math.OC), Computational Complexity (cs.CC), Machine Learning (cs.LG), Numerical Analysis (math.NA), Machine Learning (stat.ML), FOS: Mathematics, FOS: Mathematics, FOS: Computer and information sciences, FOS: Computer and information sciences},
  
  title = {Convex Optimization: Algorithms and Complexity},
  
  publisher = {arXiv},
  
  year = {2014},
  
  pages = 267,
  
  copyright = {arXiv.org perpetual, non-exclusive license}
}
